@Manual{2013,
  title = {R: A Language and Environment for Statistical Computing},
  author = {{R Core Team}},
  organization = {R Foundation for Statistical Computing},
  address = {Vienna, Austria},
  year = {2013},
  url = {http://www.R-project.org/},
  numeral = {1},
}
@Manual{Dryden2013,
  title = {shapes: Statistical shape analysis},
  author = {Ian L. Dryden},
  year = {2013},
  note = {R package version 1.1-8},
  url = {http://CRAN.R-project.org/package=shapes},
  numeral = {1},
}
@Manual{Kuhn2013,
  title = {caret: Classification and Regression Training},
  author = {Max Kuhn},
  year = {2013},
  note = {R package version 5.15-61},
  url = {http://CRAN.R-project.org/package=caret},
  numeral = {1},
}
@Book{Venables2002,
  title = {Modern Applied Statistics with S},
  author = {W. N. Venables and B. D. Ripley},
  publisher = {Springer},
  edition = {Fourth},
  address = {New York},
  year = {2002},
  url = {http://www.stats.ox.ac.uk/pub/MASS4},
  numeral = {1},
}
@Article{Liaw2002,
  title = {Classification and Regression by randomForest},
  author = {Andy Liaw and Matthew Wiener},
  journal = {R News},
  year = {2002},
  volume = {2},
  number = {3},
  pages = {18-22},
  url = {http://CRAN.R-project.org/doc/Rnews/},
  numeral = {1},
}
@Manual{Maechler2013,
  title = {cluster: Cluster Analysis Basics and Extensions},
  author = {Martin Maechler and Peter Rousseeuw and Anja Struyf and Mia Hubert and Kurt Hornik},
  year = {2013},
  note = {R package version 1.14.4},
  numeral = {1},
}
